<?xml version="1.0" encoding="UTF-8"?><collection xmlns="http://www.loc.gov/MARC21/slim"><record><leader>00498nam--2200121-i-4500</leader><controlfield tag="001">000032372</controlfield><controlfield tag="002">20161230</controlfield><controlfield tag="005">20161230201039</controlfield><controlfield tag="008">060222s1000------------r-----000-0-eng-d</controlfield><datafield ind1=" " ind2=" " tag="080"><subfield code="a">001.89</subfield></datafield><datafield ind1=" " ind2=" " tag="245"><subfield code="a">Les ministres et la science. rapport de synthese de la premiere conference nimisterielle sur la science, oct.1963. textes reunis, avec une introduction et des notes, par emmanuel g.mesthene, secretaire de la conference ministerielle sur la science</subfield></datafield><datafield ind1=" " ind2=" " tag="260"><subfield code="a">Paris, Ocde, 1965, 196p</subfield></datafield><datafield ind1=" " ind2=" " tag="852"><subfield code="a">23973</subfield></datafield></record></collection>